<?xml version="1.0" encoding="UTF-8"?><collection xmlns="http://www.loc.gov/MARC21/slim"><record><leader>00572nam--2200217-u-4500</leader><controlfield tag="001">000050699</controlfield><controlfield tag="002">20161230</controlfield><controlfield tag="005">20161230201048</controlfield><controlfield tag="008">080319s1000------------r-----000-0-eng-d</controlfield><datafield ind1=" " ind2=" " tag="020"><subfield code="a">0-9747077-2-4</subfield></datafield><datafield ind1=" " ind2=" " tag="040"><subfield code="a">IFIN-HH</subfield></datafield><datafield ind1=" " ind2=" " tag="080"><subfield code="a">535.42</subfield></datafield><datafield ind1="1" ind2=" " tag="100"><subfield code="a">Goodman, Joseph. W</subfield></datafield><datafield ind1="1" ind2="0" tag="245"><subfield code="a">Introduction to Fourier Optics</subfield></datafield><datafield ind1=" " ind2=" " tag="250"><subfield code="a">Third Edition</subfield></datafield><datafield ind1=" " ind2=" " tag="260"><subfield code="a">Englewood</subfield><subfield code="b">Roberts &amp; Company</subfield><subfield code="c">2005</subfield></datafield><datafield ind1=" " ind2=" " tag="300"><subfield code="a">491 p</subfield></datafield><datafield ind1=" " ind2=" " tag="504"><subfield code="a">Includes Bibliographical References and Index</subfield></datafield><datafield ind1=" " ind2="4" tag="650"><subfield code="a">Fourier Transform Optics</subfield></datafield><datafield ind1=" " ind2=" " tag="852"><subfield code="c">535</subfield></datafield><datafield ind1=" " ind2=" " tag="CAT"><subfield code="a">Sys</subfield><subfield code="c">20080319</subfield><subfield code="h">124620</subfield></datafield></record></collection>